@article{Walsham,
author = {Walsham G.},
issn = {0263-2373},
journal = {European Management Journal},
number = {6},
pages = {599-608},
title = {{Knowledge Management: The Benefits and Limitations of Computer Systems}},
volume = {19},
year = {2001}
}

@article{Gutwin,
author = {Gutwin C. and Penner R. and Schneider K.},
journal = {CSCW'04},
title = {{Group Awareness in Distributed Software Development}},
year = {2004}
}

@article{Kautz,
author = {Kautz K.},
issn = {0959-3845},
journal = {Information Technology and People},
number = {3},
pager = {217-235},
title = {{Investigating the design process: particpatory design in agile software development}},
volume = {24},
year = {2001}
}

@article{Dingsoyr,
annote = {Used snowball search from Improving the effectiveness of root cause analysis in post mortem analysis. },
author = {Dings\o yr, Torgeir},
doi = {10.1016/j.infsof.2004.08.008},
file = {:home/bjodol/.local/share/data/Mendeley Ltd./Mendeley Desktop/Downloaded/Dings\o yr - 2005 - Postmortem reviews purpose and approaches in software engineering.pdf:pdf},
issn = {09505849},
journal = {Information and Software Technology},
keywords = {knowledge management,postmortem review,software engineering},
month = mar,
number = {5},
pages = {293--303},
title = {{Postmortem reviews: purpose and approaches in software engineering}},
url = {http://linkinghub.elsevier.com/retrieve/pii/S0950584904001296},
volume = {47},
year = {2005}
}